@book{basebook,
  title     = {Indoor Geolocation Science and Technology: At the Emergence of Smart World and IoT},
  author    = {Pahlavan, Kaveh},
  year      = {2022},
  publisher = {River Publishers}
}

@article{GPSdrawbacks,
  title     = {Real-time indoor geolocation tracking for assisted healthcare facilities},
  author    = {Gala, Kinjal and Bryden, Paul David and Paolini, Christopher and Wang, Matthew and Mihovska, Albena Dimitrova and Sarkar, Mahasweta},
  journal   = {International Journal of Interdisciplinary Telecommunications and Networking (IJITN)},
  volume    = {12},
  number    = {2},
  pages     = {1--21},
  year      = {2020},
  publisher = {IGI Global}
}

@article{vislight,
  title     = {Indoors geolocation based on visible light communication},
  author    = {Louro, Paula and Vieira, Manuela and Vieira, Manuel Augusto},
  journal   = {Sensors \& Transducers},
  volume    = {245},
  number    = {6},
  pages     = {57--64},
  year      = {2020},
  publisher = {IFSA Publishing}
}

@article{intro,
  author  = {Tan Kim Geok and Khaing Zar Aung},
  journal = {Applied Sciences, MDPI},
  title   = {Review of Indoor Positioning: Radio Wave Technology},
  year    = {2021},
  doi     = {10.3390/app11010279}
}

@article{staffpos,
  title     = {Real-time indoor geolocation tracking for assisted healthcare facilities},
  author    = {Gala, Kinjal and Bryden, Paul David and Paolini, Christopher and Wang, Matthew and Mihovska, Albena Dimitrova and Sarkar, Mahasweta},
  journal   = {International Journal of Interdisciplinary Telecommunications and Networking (IJITN)},
  volume    = {12},
  number    = {2},
  pages     = {1--21},
  year      = {2020},
  publisher = {IGI Global}
}

@inproceedings{accesscontrol,
  title        = {Supporting internet-based location for location-based access control in enterprise cloud storage solution},
  author       = {Sukmana, Muhammad IH and Torkura, Kennedy A and Graupner, Hendrik and Chauhan, Ankit and Cheng, Feng and Meinel, Christoph},
  booktitle    = {Advanced Information Networking and Applications: Proceedings of the 33rd International Conference on Advanced Information Networking and Applications (AINA-2019) 33},
  pages        = {1240--1253},
  year         = {2020},
  organization = {Springer}
}

@article{trespassers,
  title     = {Policing the pandemic: estimating spatial and racialized inequities in New York City police enforcement of COVID-19 mandates},
  author    = {Kajeepeta, Sandhya and Bruzelius, Emilie and Ho, Jessica Z and Prins, Seth J},
  journal   = {Critical Public Health},
  volume    = {32},
  number    = {1},
  pages     = {56--67},
  year      = {2022},
  publisher = {Taylor \& Francis}
}

@article{occupancy,
  title     = {Context-specific urban occupancy modeling using location-based services data},
  author    = {Happle, Gabriel and Fonseca, Jimeno A and Schlueter, Arno},
  journal   = {Building and Environment},
  volume    = {175},
  year      = {2020},
  publisher = {Elsevier}
}

@article{shielding,
  title     = {Indoor positioning system: A review},
  author    = {Wahab, Nur Haliza Abdul and Sunar, Noorhazirah and Ariffin, Sharifah HS and Wong, Keng Yinn and Aun, Yichiet and others},
  journal   = {International Journal of Advanced Computer Science and Applications},
  volume    = {13},
  number    = {6},
  year      = {2022},
  publisher = {Science and Information (SAI) Organization Limited}
}

@article{heterogenity,
  title     = {Crowdsourcing-based fingerprinting for indoor location in multi-storey buildings},
  author    = {Santos, Ricardo and Leonardo, Ricardo and Barandas, Mar{\'\i}lia and Moreira, Dinis and Rocha, Tiago and Alves, Pedro and Oliveira, Jo{\~a}o P and Gamboa, Hugo},
  journal   = {Ieee Access},
  volume    = {9},
  year      = {2021},
  publisher = {IEEE}
}

@article{adaptation,
  title     = {Long short-term indoor positioning system via evolving knowledge transfer},
  author    = {Li, Lin and Guo, Xiansheng and Zhang, Yukun and Ansari, Nirwan and Li, Huiyong},
  journal   = {IEEE Transactions on Wireless Communications},
  volume    = {21},
  number    = {7},
  pages     = {5556--5572},
  year      = {2022},
  publisher = {IEEE}
}

@article{econsumption,
  title     = {A platform for power management based on indoor localization in smart buildings using long short-term neural networks},
  author    = {Elbes, Mohammed and Alrawashdeh, Thamer and Almaita, Eyad and AlZu'bi, Shadi and Jararweh, Yaser},
  journal   = {Transactions on Emerging Telecommunications Technologies},
  volume    = {33},
  number    = {3},
  year      = {2022},
  publisher = {Wiley Online Library}
}

@article{privacy,
  title     = {Indoor geo-indistinguishability: Adopting differential privacy for indoor location data protection},
  author    = {Fathalizadeh, Amir and Moghtadaiee, Vahideh and Alishahi, Mina},
  journal   = {IEEE Transactions on Emerging Topics in Computing},
  year      = {2023},
  publisher = {IEEE}
}

@article{altradio,
  title     = {A survey of smartphone-based indoor positioning system using RF-based wireless technologies},
  author    = {Subedi, Santosh and Pyun, Jae-Young},
  journal   = {Sensors},
  volume    = {20},
  number    = {24},
  year      = {2020},
  publisher = {MDPI}
}

@article{inertialsys,
  title     = {Novel indoor positioning algorithm based on Lidar/inertial measurement unit integrated system},
  author    = {Jiang, Ping and Chen, Liang and Guo, Hang and Yu, Min and Xiong, Jian},
  journal   = {International Journal of Advanced Robotic Systems},
  volume    = {18},
  number    = {2},
  year      = {2021},
  publisher = {SAGE Publications Sage UK: London, England}
}

@article{compvision,
  title     = {A comprehensive survey of indoor localization methods based on computer vision},
  author    = {Morar, Anca and Moldoveanu, Alin and Mocanu, Irina and Moldoveanu, Florica and Radoi, Ion Emilian and Asavei, Victor and Gradinaru, Alexandru and Butean, Alex},
  journal   = {Sensors},
  volume    = {20},
  number    = {9},
  year      = {2020},
  publisher = {MDPI}
}

@article{multsensors,
  title     = {Multi-sensor integrated navigation/positioning systems using data fusion: From analytics-based to learning-based approaches},
  author    = {Zhuang, Yuan and Sun, Xiao and Li, You and Huai, Jianzhu and Hua, Luchi and Yang, Xiansheng and Cao, Xiaoxiang and Zhang, Peng and Cao, Yue and Qi, Longning and others},
  journal   = {Information Fusion},
  volume    = {95},
  pages     = {62--90},
  year      = {2023},
  publisher = {Elsevier}
}

@article{cloudML,
  title     = {A novel indoor localization system using machine learning based on bluetooth low energy with cloud computing},
  author    = {Hu, Quanyi and Wu, Feng and Wong, Raymond K and Millham, Richard C and Fiaidhi, Jinan},
  journal   = {Computing},
  pages     = {1--27},
  year      = {2023},
  publisher = {Springer}
}

@article{uwb,
  title     = {Analysis and improvement of indoor positioning accuracy for uwb sensors},
  author    = {Yao, Leehter and Yao, Lei and Wu, Yeong-Wei},
  journal   = {Sensors},
  volume    = {21},
  number    = {17},
  year      = {2021},
  publisher = {MDPI}
}

@article{uwbaccuracy,
  title     = {Self-calibration and collaborative localization for UWB positioning systems: A survey and future research directions},
  author    = {Ridolfi, Matteo and Kaya, Abdil and Berkvens, Rafael and Weyn, Maarten and Joseph, Wout and Poorter, Eli De},
  journal   = {ACM Computing Surveys (CSUR)},
  volume    = {54},
  number    = {4},
  pages     = {1--27},
  year      = {2021},
  publisher = {ACM New York, NY, USA}
}

@article{rfid,
  title     = {A review of RFID based solutions for indoor localization and location-based classification of tags},
  author    = {Esposito, Giovanni and Mezzogori, Davide and Neroni, Mattia and Rizzi, Antonio and Romagnoli, Giovanni and Rosa, Mirco and others},
  journal   = {Proceedings of the Summer School Francesco Turco},
  year      = {2021},
  publisher = {AIDI-Italian Association of Industrial Operations Professors}
}

@article{inertialprinciples,
  title     = {Human activity recognition for indoor localization using smartphone inertial sensors},
  author    = {Moreira, Dinis and Barandas, Mar{\'\i}lia and Rocha, Tiago and Alves, Pedro and Santos, Ricardo and Leonardo, Ricardo and Vieira, Pedro and Gamboa, Hugo},
  journal   = {Sensors},
  volume    = {21},
  number    = {18},
  pages     = {6316},
  year      = {2021},
  publisher = {MDPI}
}

@article{hybridilf,
  title     = {HyLoc: An Indoor Single-site Hybrid Localization Scheme based on LOS/NLOS Identification},
  author    = {Zhang, Jinbo and Sun, Hao and Feng, Yujie and Fan, Jiancun},
  journal   = {IEEE Access},
  year      = {2023},
  publisher = {IEEE}
}

@article{slambased,
  title     = {Improving computer vision-based perception for collaborative indoor navigation},
  author    = {Ruotsalainen, Laura and Morrison, Aiden and M{\"a}kel{\"a}, Maija and Rantanen, Jesperi and Sokolova, Nadezda},
  journal   = {IEEE Sensors Journal},
  volume    = {22},
  number    = {6},
  pages     = {4816--4826},
  year      = {2021},
  publisher = {IEEE}
}

@article{cloudcomp,
  title     = {Mobile geolocation techniques for indoor environment monitoring},
  author    = {Ouni, Ridha and Zaidi, Monji and Alsabaan, Maazen and Abdul, Wadood and Alasaad, Amr},
  journal   = {KSII Transactions on Internet and Information Systems (TIIS)},
  volume    = {14},
  number    = {3},
  year      = {2020},
  publisher = {Korean Society for Internet Information}
}

@article{mltech,
  title     = {GPS-based indoor/outdoor detection scheme using machine learning techniques},
  author    = {Bui, Van and Le, Nam Tuan and Vu, Thanh Luan and Nguyen, Van Hoa and Jang, Yeong Min},
  journal   = {Applied Sciences},
  volume    = {10},
  number    = {2},
  year      = {2020},
  publisher = {MDPI}
}

@article{trends,
  author  = {Vladimir Bellavista-Parent},
  journal = {IEEE},
  title   = {New trends in indoor positioning based on WiFi and machine learning: A systematic review},
  year    = {2021},
  doi     = {10.1109/IPIN51156.2021.9662521}
}

@book{IGS,
  author    = {Kaveh Pahlavan},
  publisher = {Denmark: River Publishers},
  title     = {Indoor Geolocation Science And Technology: At the Emergence of Smart World and IoT},
  year      = {2019}
}

@article{inertial,
  author  = {A. Jimenez and F. Seco},
  journal = {WPNC},
  title   = {Indoor Pedestrian navigation using an INS/EKF framework for yaw drift reduction and a foot-mounted IMU},
  pages   = {135-143},
  year    = {2010}
}

@article{imu,
  title     = {A robust integration platform of Wi-Fi RTT, RSS signal, and MEMS-IMU for locating commercial smartphone indoors},
  author    = {Guo, Guangyi and Chen, Ruizhi and Ye, Feng and Liu, Zuoya and Xu, Shihao and Huang, Lixiong and Li, Zheng and Qian, Long},
  journal   = {IEEE Internet of Things Journal},
  volume    = {9},
  number    = {17},
  year      = {2022},
  publisher = {IEEE}
}

@article{bluetooth,
  author  = {R. Faragher and R. Harle},
  journal = {Institute of Navigation},
  title   = {An analysis of the accuracy of bluetooth
             low energy for indoor positioning applications},
  volume  = {1},
  pages   = {201-210},
  year    = {2014}
}

@article{wifi,
  author  = {K. Kaemarungsi and P. Krishnamurthy},
  journal = {IEEE INFOCOM},
  title   = {Modeling of indoor positioning systems based on location fingerprinting},
  volume  = {2},
  pages   = {1012-1022},
  year    = {2004}
}

@article{ultrasound,
  author  = {J. A. Paredes},
  journal = {Sensors},
  number  = {1},
  title   = {3d indoor positioning
             of uavs with spread spectrum ultrasound and time-of-flight cameras},
  volume  = {18},
  year    = {2018}
}

@article{light,
  author  = {M. Yoshino and S. Haruyama and M. Nakagawa},
  journal = {IEEE Radio and Wireless Symposium, RWS},
  title   = {High-accuracy positioning system using visible LED lights and image sensor},
  pages   = {439-442},
  year    = {2008}
}

@article{wlan,
  author  = {Ali Khalajmehrabadi},
  journal = {IEEE Communications Surveys \& Tutorials},
  number  = {3},
  title   = {Modern WLAN Fingerprinting Indoor Positioning Methods and Deployment Challenges},
  volume  = {19},
  year    = {2017}
}

@article{aoa,
  author  = {P. Rong and M. L. Sichitiu},
  journal = {IEEE Commun. Soc. Sensor Ad Hoc Commun. Netw.},
  title   = {Angle of arrival localization for wireless sensor networks},
  year    = {2006},
  pages   = {374-382}
}

@article{aoa-modern,
  author  = {Kyung-Jin Baik and Sangjoon Lee and Byung-Jun Jang},
  journal = {Journal of Electromagnetic Engineering and Science},
  number  = {4},
  title   = {AoA-Based Local Positioning System Using a Time-Modulated Array},
  volume  = {17},
  year    = {2017},
  pages   = {181-185}
}

@article{toa,
  author  = {Xiansheng Guo and Nirwan Ansari},
  journal = {IEEE Communications Surveys \& Tutorials},
  title   = {A Survey on Fusion-Based Indoor Positioning},
  year    = {2019}
}

@book{urban-info,
  author    = {Wenzhong Shi and Michael F. Goodchild},
  editor    = {Wenzhong Shi},
  publisher = {Springer},
  title     = {Urban Informatics},
  year      = {2021},
  pages     = {467--490}
}

@article{fingerprint,
  author  = {Guiqi Liu and Zhihong Qian},
  journal = {International Journal of Pattern Recognition},
  number  = {10},
  title   = {An Indoor WLAN Location Algorithm Based on Fingerprint Database Processing},
  volume  = {34},
  year    = {2020}
}

@article{blwifi,
  author  = {Sok-Ian Sou and Wen-Hsiang Lin},
  journal = {IEEE Access},
  title   = {Indoor Location Learning over Wireless Fingerprinting System with Particle Markov Chain Model},
  year    = {2019}
}

@article{android-analysis,
  author  = {Nguyen Trong Thuong and Hoac Thieu Phong},
  journal = {IEEE},
  title   = {Android Application for WiFi Based Indoor Position: System Design and Performance Analysis},
  year    = {2016}
}

@inproceedings{knn,
  title     = {Comparing image classification methods: K-nearest-neighbor and support-vector-machines},
  author    = {Kim, Jinho and Kim, Byung-Soo and Savarese, Silvio},
  booktitle = {Proceedings of the 6th WSEAS international conference on Computer Engineering and Applications, and Proceedings of the 2012 American conference on Applied Mathematics},
  pages     = {133--138},
  year      = {2012}
}

@article{gansemer2010improved,
  title     = {Improved RSSI-based Euclidean distance positioning algorithm for large and dynamic WLAN environments},
  author    = {Gansemer, Sebastian and P{\"u}schel, Steffen and Frackowiak, Robert and Hakobyan, S and Grossmann, Uwe},
  year      = {2010},
  publisher = {ТНЕУ}
}

@article{wknn,
  title     = {An RSS transform—Based WKNN for indoor positioning},
  author    = {Zhou, Rong and Yang, Yexi and Chen, Puchun},
  journal   = {Sensors},
  volume    = {21},
  number    = {17},
  year      = {2021},
  publisher = {MDPI}
}

@inproceedings{mwknn,
  title        = {Smallest enclosing circle-based fingerprint clustering and modified-WKNN matching algorithm for indoor positioning},
  author       = {Liu, Wen and Fu, Xiao and Deng, Zhongliang and Xu, Lianming and Jiao, Jichao},
  booktitle    = {2016 International Conference on Indoor Positioning and Indoor Navigation (IPIN)},
  pages        = {1--6},
  year         = {2016},
  organization = {IEEE}
}

@article{neural-networks,
  title     = {A real-time fingerprint-based indoor positioning using deep learning and preceding states},
  author    = {Nabati, Mohammad and Ghorashi, Seyed Ali},
  journal   = {Expert Systems with Applications},
  volume    = {213},
  year      = {2023},
  publisher = {Elsevier}
}

@article{lin2021probabilistic,
  title     = {Probabilistic indoor positioning and navigation (PIPN) of autonomous ground vehicle (AGV) based on wireless measurements},
  author    = {Lin, Po Ting and Liao, Che-An and Liang, Shu-Hao},
  journal   = {IEEE Access},
  volume    = {9},
  pages     = {25200--25207},
  year      = {2021},
  publisher = {IEEE}
}

@article{mor2021systematic,
  title     = {A systematic review of hidden Markov models and their applications},
  author    = {Mor, Bhavya and Garhwal, Sunita and Kumar, Ajay},
  journal   = {Archives of computational methods in engineering},
  volume    = {28},
  pages     = {1429--1448},
  year      = {2021},
  publisher = {Springer}
}

@inproceedings{dong2020sequential,
  title        = {Sequential Vessel Trajectory Identification Using Truncated Viterbi Algorithm},
  author       = {Dong, Zheng and Yangv, Yifei and Xie, Yao},
  booktitle    = {ICASSP 2020-2020 IEEE International Conference on Acoustics, Speech and Signal Processing (ICASSP)},
  pages        = {3792--3796},
  year         = {2020},
  organization = {IEEE}
}

@inproceedings{rudic2020geometry,
  title        = {A geometry-aware hidden Markov model for indoor positioning},
  author       = {Rudi{\'c}, Branislav and Pichler-Scheder, Markus and Schmidt, Richard and Helmel, Christian and Efrosinin, Dmitry and Kastl, Christian and Auer, Wolfgang},
  booktitle    = {2020 IEEE/ASME International Conference on Advanced Intelligent Mechatronics (AIM)},
  pages        = {547--552},
  year         = {2020},
  organization = {IEEE}
}

@article{ieee802,
  title   = {On IEEE 802.11: wireless LAN technology},
  author  = {Banerji, Sourangsu and Chowdhury, Rahul Singha},
  journal = {arXiv preprint arXiv:1307.2661},
  year    = {2013}
}

@article{bag,
  title     = {WLAN RSS-based fingerprinting for indoor localization: A machine learning inspired bag-of-features approach},
  author    = {Khattak, Altaf and Bin, Sohaib and Nasralla, Moustafa M and Esmail, Maged Abdullah and Mostafa, Hala and Jia, Min and others},
  journal   = {Sensors},
  volume    = {22},
  number    = {14},
  year      = {2022},
  publisher = {Multidisciplinary Digital Publishing Institute}
}

@article{wang2023radio,
  title     = {Radio map construction based on BERT for fingerprint-based indoor positioning system},
  author    = {Wang, Zhuang and Kong, Qun and Wei, Bingcai and Zhang, Liye and Tian, Aikui},
  journal   = {EURASIP Journal on Wireless Communications and Networking},
  volume    = {2023},
  number    = {1},
  pages     = {1--18},
  year      = {2023},
  publisher = {Springer}
}

@book{python,
  title     = {Fluent python},
  author    = {Ramalho, Luciano},
  year      = {2022},
  publisher = {" O'Reilly Media, Inc."}
}

@article{pyproblems,
  title   = {Solving Complex Problems in Python},
  author  = {Jalolov, Tursunbek Sadriddinovich},
  journal = {American Journal of Language, Literacy and Learning in STEM Education},
  volume  = {1},
  number  = {9},
  pages   = {481--484},
  year    = {2023}
}

@book{typescript,
  title     = {Effective TypeScript},
  author    = {Vanderkam, Dan},
  year      = {2024},
  publisher = {" O'Reilly Media, Inc."}
}
